
@inproceedings{libviso2,
 author = {Andreas Geiger and Julius Ziegler and Christoph Stiller},
 title = {StereoScan: Dense 3d Reconstruction in Real-time},
 booktitle = {IEEE Intelligent Vehicles Symposium},
 year = {2011},
 month = {June},
 address = {Baden-Baden, Germany},
}

